
@BOOK{Bjorck1996,
  title = {Numerical methods for least squares problems},
  publisher = {Society for Industrial and Applied Mathematics},
  year = {1996},
  author = {Bjorck, Ake},
  number = {51}
}

